<?xml version="1.0" encoding="UTF-8"?><collection xmlns="http://www.loc.gov/MARC21/slim"><record><leader>00445nam--2200169-i-4500</leader><controlfield tag="001">000005474</controlfield><controlfield tag="002">20161230</controlfield><controlfield tag="005">20161230201026</controlfield><controlfield tag="008">060222s1000------------r-----000-0-eng-d</controlfield><datafield ind1=" " ind2=" " tag="040"><subfield code="a">IFIN-HH</subfield></datafield><datafield ind1=" " ind2=" " tag="080"><subfield code="a">517.58</subfield></datafield><datafield ind1="1" ind2=" " tag="100"><subfield code="a">Bateman, H</subfield></datafield><datafield ind1="1" ind2="0" tag="245"><subfield code="a">Higher transcendental functions</subfield><subfield code="b">Vol. ii</subfield><subfield code="c">H. bateman</subfield></datafield><datafield ind1=" " ind2=" " tag="260"><subfield code="a">New York</subfield><subfield code="b">Mcgraw-hill Book Company, Inc</subfield><subfield code="c">1953</subfield></datafield><datafield ind1=" " ind2=" " tag="300"><subfield code="a">XVII+396P</subfield></datafield><datafield ind1=" " ind2=" " tag="852"><subfield code="a">16298</subfield><subfield code="c">H.H</subfield></datafield><datafield ind1=" " ind2=" " tag="CAT"><subfield code="a">Sys</subfield><subfield code="c">20130328</subfield><subfield code="h">134927</subfield></datafield></record></collection>